<?xml version="1.0" encoding="UTF-8"?><collection xmlns="http://www.loc.gov/MARC21/slim"><record><leader>00358nam--2200133-i-4500</leader><controlfield tag="001">000033381</controlfield><controlfield tag="002">20161230</controlfield><controlfield tag="005">20161230201039</controlfield><controlfield tag="008">060222s1000------------r-----000-0-eng-d</controlfield><datafield ind1=" " ind2=" " tag="100"><subfield code="a">Moullin, E.B</subfield></datafield><datafield ind1=" " ind2=" " tag="245"><subfield code="a">The principles of electromagnetism</subfield></datafield><datafield ind1=" " ind2=" " tag="260"><subfield code="a">Oxford, Clarendon Press, 1955, X + 438p. Cu Fig</subfield></datafield><datafield ind1=" " ind2=" " tag="490"><subfield code="a">Oxford Eng. Science Series</subfield></datafield><datafield ind1=" " ind2=" " tag="852"><subfield code="a">11239</subfield></datafield></record></collection>